<?xml version="1.0" encoding="UTF-8"?><record xmlns="http://www.loc.gov/MARC21/slim" xmlns:cinclude="http://apache.org/cocoon/include/1.0" xmlns:zs="http://www.loc.gov/zing/srw/">
  <leader>00452cz  a2200145n  4500</leader>
  <controlfield tag="001">n 2002029796</controlfield>
  <controlfield tag="003">DLC</controlfield>
  <controlfield tag="005">20020403085244.0</controlfield>
  <controlfield tag="008">020322n| acannaabn          |n aaa      </controlfield>
  <datafield tag="010" ind1=" " ind2=" ">
    <subfield code="a">n 2002029796</subfield>
  </datafield>
  <datafield tag="040" ind1=" " ind2=" ">
    <subfield code="a">DLC</subfield>
    <subfield code="b">eng</subfield>
    <subfield code="c">DLC</subfield>
  </datafield>
  <datafield tag="053" ind1=" " ind2="0">
    <subfield code="a">PQ2662.O282</subfield>
  </datafield>
  <datafield tag="100" ind1="1" ind2=" ">
    <subfield code="a">Bocquentin, Françoise</subfield>
  </datafield>
  <datafield tag="670" ind1=" " ind2=" ">
    <subfield code="a">Bocquentin, Françoise. Sept fragments de silence, c1998:</subfield>
    <subfield code="b">t.p. (Françoise Bocquentin)</subfield>
  </datafield>
  <datafield tag="670" ind1=" " ind2=" ">
    <subfield code="a">LC database, Mar 22, 2002:</subfield>
    <subfield code="b">(Bocquentin, Françoise)</subfield>
  </datafield>
</record>